%   ****************************************
%   * File: REFERENCES.BIB                 *
%   ****************************************
%   * An invented bib file                 *
%   * For the sample texts                 *
%   * The order is unimportant and there   *
%   * may be more entries than references  *
%   * in the text. Source:                 *
%   * http://tug.ctan.org/tex-archive/macros/latex/contrib/aguplus/sample.bib *
%   ****************************************
% 

@ARTICLE{vmas_info,
	title = {MTV Video Music Awards (VMA)},
	url = {https://www.imdb.com/event/ev0003172/V1986/1/?ref_=ev_eh},
	year = {1985-2022},
	lastchecked = {25.03.2024}
}

@ARTICLE{amas_info,
	title = {American Music Awards},
	url = {https://www.imdb.com/event/ev0005158/1980/1/?ref_=ev_eh},
	year = {1985-2022},
	lastchecked = {25.03.2024}
}

@ARTICLE{grammys_info,
	title = {Awards Nominations & Winners},
	url = {https://www.grammy.com/awards},
	year = {1980-2022},
	lastchecked = {25.03.2024}
}

@ARTICLE{spotify_api,
	title = {Build with Spotify’s 100 Million Songs},
	url = {https://developer.spotify.com/},
	lastchecked = {25.03.2024}
}

@ARTICLE{riaa_info,
	title = {Gold & Platinum},
	url = {www.riaa.com/gold-platinum/},
	lastchecked = {04.04.2024}
}

@ARTICLE{api_youtube,
	title = {How to Use Spotify’s API with Python | Write a Program to Display Artist, Tracks, and More.},
	author = {Tim Ruscica},
	url = {www.youtube.com/watch?v=WAmEZBEeNmg},
	originalyear = {07.12.2022}
}

@ARTICLE{web_scraping_help,
	title = {Beautifulsoup Guide - Scraping HTML Pages with Python: ScrapeOps},
	publisher = {ScrapeOps RSS},
	url = {scrapeops.io/python-web-scraping-playbook/python-beautifulsoup-web-scraping/#querying-with-python-object-attributes},
	lastchecked = {25.03.2024}
}

@ARTICLE{web_scraping_help2,
	title = {Beautiful Soup: Build a Web Scraper with Python.},
	publisher = {Real Python},
	author = {Martin Breuss},
	url = {realpython.com/beautiful-soup-web-scraper-python/},
	originalyear = {26.07.2023}
}

@ARTICLE{curse_article,
	title = {Did Billie Eilish Finally End the Grammys’ Best New Artist Curse?},
	publisher = {Variety},
	author = {Jeremy Helligar},
	url = {realpython.com/beautiful-soup-web-scraper-python/},
	originalyear = {27.01.2021}
}

@ARTICLE{dt_help,
	title = {Python | Decision Tree Regression using sklearn},
	publisher = {Geeks for Geeks},
	url = {https://www.geeksforgeeks.org/python-decision-tree-regression-using-sklearn/},
	originalyear = {11.01.2023},
	lastchecked = {21.04.2024}
}

@ARTICLE{wikipedia,
	title = {Wikipedia},
	url = {https://www.wikipedia.org/}
}

@ARTICLE{billbord_chart,
	title = {Billboard Hot 100},
	publisher = {Billboard},
	url = {https://www.billboard.com/charts/hot-100/},
	year = {1985-2022}, 
	lastchecked = {24/03/24}
}

@ARTICLE{chart_important,
	title = {The Billboard Hot 100: How It Works and Why It Matters},
	pubisher = {Organic Music Marketing},
	author = {Michael Patrick},
	url = {https://organicmusicmarketing.com/blogs/updates/the-billboard-hot-100-how-it-works-and-why-it-matters},
	originalyear = {07.02.2023}
}